@article{google,
  author    = "Page, Larry and Brin, Sergey",
  title     = "The Anatomy of a Large-Scale Hypertextual Web Search Engine",
  journal   = "Computer Networks and ISDN Systems",
  volume    = "30",
  number    = "1-7",
  pages     = "107--117",
  year      = "1998",
  publisher = "Elsevier"
}

@article{deploying,
  author    = "Hamilton, James",
  title     = "On Designing and Deploying Internet-Scale Services",
  journal   = "Windows Live Services Platform",
  year      = "2007"
}

@inproceedings{mapreduce,
  author    = "Dean, Jeffrey and Ghemawat, Sanjay",
  title     = "MapReduce: Simplified Data Processing on Large Clusters",
  booktitle = "Proceedings of the 6th Conference on Symposium on Operating Systems Design \& Implementation - Volume 6",
  year      = "2008",
  pages     = "10"
}

@misc{babynames,
  author       = "{Arul John}",
  title        = "{Popular Baby Names}",
  howpublished = "{GitHub repository}",
  year         = {n.d.},
  url          = "{https://github.com/aruljohn/popular-baby-names}",
}